@book{handsOnML,
	Address = {Rio de Janeiro},
	Author = {Aurélien Géron},
	Date-Added = {2013-08-21 13:56:10 +0000},
	Date-Modified = {2013-08-21 13:56:10 +0000},
	Edition = {1},
	Publisher = {Alta Books Editora},
	Title = {Mãos à obra: Aprendizagem de máquina com Sckit-Learn e Tensorflow },
	Urlaccessdate = {21 ago 2013},
	Year = {2019}}
